<record><leader>00000cas a22000007a 4500</leader><controlfield tag="001">15145594</controlfield><controlfield tag="008">870203d18771981inuwr ne      0    0eng d</controlfield><datafield ind1=" " ind2=" " tag="010"><subfield code="a">sn 87055000 </subfield></datafield><datafield ind1=" " ind2=" " tag="040"><subfield code="a">NPI</subfield><subfield code="b">eng</subfield><subfield code="c">NPI</subfield><subfield code="d">OCLCQ</subfield></datafield><datafield ind1=" " ind2=" " tag="042"><subfield code="a">msc</subfield></datafield><datafield ind1="0" ind2="4" tag="082"><subfield code="a">070</subfield></datafield><datafield ind1="0" ind2=" " tag="130"><subfield code="a">Fairmount news (Fairmount, Ind.)</subfield></datafield><datafield ind1="1" ind2="4" tag="245"><subfield code="a">The Fairmount news.</subfield></datafield><datafield ind1=" " ind2=" " tag="260"><subfield code="a">Fairmount, Ind. :</subfield><subfield code="b">J. Stivers</subfield></datafield><datafield ind1=" " ind2=" " tag="300"><subfield code="a">v.</subfield></datafield><datafield ind1=" " ind2=" " tag="310"><subfield code="a">Weekly</subfield></datafield><datafield ind1=" " ind2=" " tag="321"><subfield code="a">Semiweekly,</subfield><subfield code="b">&lt;July 1903&gt;-Jan. 1923</subfield></datafield><datafield ind1="1" ind2=" " tag="362"><subfield code="a">Began in Dec. 1877; ceased in Dec. 1981?</subfield></datafield><datafield ind1=" " ind2=" " tag="515"><subfield code="a">Volume no. not listed until Vol. 12, no. 50 (Dec. 5, 1889) issue. Issues before this have "established 1877" plus a weekly numbering designation.</subfield></datafield><datafield ind1=" " ind2=" " tag="515"><subfield code="a">Suspended Dec. 31, 1981-1982?</subfield></datafield><datafield ind1=" " ind2=" " tag="588"><subfield code="a">Description based on: No. 1 (Dec. 27, 1888).</subfield></datafield><datafield ind1=" " ind2=" " tag="752"><subfield code="a">United States</subfield><subfield code="b">Indiana</subfield><subfield code="c">Grant</subfield><subfield code="d">Fairmount.</subfield></datafield><datafield ind1="0" ind2="7" tag="785"><subfield code="t">Summitville sun</subfield><subfield code="w">(DLC)sn 86058415</subfield><subfield code="w">(OCoLC)13364252</subfield></datafield><datafield ind1="0" ind2="7" tag="785"><subfield code="t">News-sun (Fairmount, Ind.)</subfield><subfield code="w">(DLC)sn 87055001</subfield></datafield></record>